
@INPROCEEDINGS{brooke:vineyard,
        AUTHOR = "T. Brooke and J. Burrel and T. Beckwith",
        TITLE = "Vineyard Computing: Sensor Networks in Agricultural Production",
        BOOKTITLE = "Pervasive Computing Magazine",
        PAGES = "38-45",
        ORGANIZATION = "IEEE",
        MONTH = "March",
        YEAR = {2004}   }

@ARTICLE{bowman:reasoning,
	AUTHOR = "Mic Bowman and Saumya K. Debray and Larry L. Peterson",
	TITLE = "Reasoning About Naming Systems",
	JOURNAL = "ACM Trans. Program. Lang. Syst.",
	VOLUME = {15},
	NUMBER = {5},
	PAGES = {795-825},
	MONTH = "November",
	YEAR = {1993}	}

@ARTICLE{braams:babel,
	AUTHOR = "Johannes Braams",
	TITLE = "Babel, a Multilingual Style-Option System for Use with LaTeX's Standard Document Styles",
	JOURNAL = {TUGboat},
	VOLUME = {12},
	NUMBER = {2},
	PAGES = {291-301},
	MONTH = "June",
	YEAR = {1991}	}

@INPROCEEDINGS{clark:pct,
	AUTHOR = "Malcolm Clark",
	TITLE = "Post Congress Tristesse",
	BOOKTITLE = "TeX90 Conference Proceedings",
	PAGES = "84-89",
	ORGANIZATION = "TeX Users Group",
	MONTH = "March", 
	YEAR = {1991}	}

@ARTICLE{herlihy:methodology,
	AUTHOR = "Maurice Herlihy",
	TITLE = "A Methodology for Implementing Highly Concurrent
	Data Objects",
	JOURNAL = {ACM Trans. Program. Lang. Syst.},
	VOLUME = {15},
	NUMBER = {5},
	PAGES = {745-770},
	MONTH = "November",
	YEAR = {1993}	}

@BOOK{Lamport:LaTeX,
	AUTHOR = "Leslie Lamport",
	TITLE = "LaTeX User's Guide and Document Reference Manual",
	PUBLISHER = "Addison-Wesley Publishing Company",
	ADDRESS = "Reading, Massachusetts",
	YEAR = "1986"	}

@BOOK{salas:calculus,
	AUTHOR = "S.L. Salas and Einar Hille",
	TITLE = "Calculus: One and Several Variable",
	PUBLISHER = "John Wiley and Sons",
	ADDRESS = "New York",
	YEAR = "1978"	}

@INPROCEEDINGS{srivastava:smart,
        AUTHOR = "M.B. Srivastava, R. Muntz and M. Potkonjak",
        TITLE = "Smart Kindergarten: Sensor-based Wireless Networks for Smart Developmental Problem Solving Environments",
        BOOKTITLE = "Mobile Computing and Networking",
        PAGES = "132-138",
        ORGANIZATION = "ACM",
        MONTH = "March",
        YEAR = {2001}   }

@INPROCEEDINGS{li:detection,
        AUTHOR = "D. Li, K. Wong, Y. Hu and A. Sayeed",
        TITLE = "Detection, Classification, and Tracking in Distributed Sensor Networks",
        BOOKTITLE = "IEEE Signal Processing Magazine",
        PAGES = "17-29",
        ORGANIZATION = "IEEE",
        MONTH = "March",
        YEAR = {2002}   }

@article{buonadonna2005tsn,
  title="TASK: Sensor Network in a Box",
  author="Buonadonna, P. and Gay, D. and Hellerstein, J.M. and Hong, W. and Madden, S.",
  journal="Proceedings of the Second IEEE European Workshop on Wireless Sensor Networks and Applications",
  year="2005"
}

@article{turon2005mvs,
  title={{MOTE-VIEW: A Sensor Network Monitoring and Management Tool}},
  author={Turon, M.},
  journal={Embedded Networked Sensors, 2005. EmNetS-II. The Second IEEE Workshop on},
  pages={11-18},
  year={2005}
}

@article{gudgin2002sv,
  title={{SOAP Version 1.2}},
  author={Gudgin, M. and Hadley, M. and Mendelsohn, N. and Moreau, J. and Nielsen, H.F.},
  journal={W3C Working Draft},
  year={2002}
}

@article{curbera2002uws,
  title={{Unraveling the Web services web: an introduction to SOAP, WSDL, and UDDI}},
  author={Curbera, F. and Duftler, M. and Khalaf, R. and Nagy, W. and Mukhi, N. and Weerawarana, S.},
  journal={Internet Computing, IEEE},
  volume={6},
  number={2},
  pages={86-93},
  year={2002}
}

@article{codeblue,
author = {Sam Baird and Dan Myung and Steve Moulton and Mark Gaynor and Matt Welsh and Stephen Dawson-Haggerty},
title = {Communicating Data from Wireless Sensor Networks Using the HL7v3 Standard},
journal = {Body Sensor Network},
volume = {0},
year = {2006},
isbn = {0-7695-2547-4},
pages = {183-186},
doi = {http://doi.ieeecomputersociety.org/10.1109/BSN.2006.18},
publisher = {IEEE Computer Society},
address = {Los Alamitos, CA, USA},
}

@Misc{sensorbase,
author = {D. Estrin and R. Guy and K. Chang and M. Hansen and and E. Graham},
title = {SensorBase},
howpublished = {http://\-www.\-sensorbase.\-org},
year = {2006},
url = {http://www.sensorbase.org}
}

@Misc{senseweb,
author = {A. Santanche and S. Nath and J. Liu and B. Priyantha and F. Zhao},
title = {SenseWeb: Browsing the Physical World in Real Time},
howpublished = {http://\-research.\-microsoft.\-com/nec/senseweb},
year = {2006},
url = {http://research.microsoft.com/nec/senseweb}
}

@article{mockapetris:ddn,
  title={{Development of the Domain Name System}},
  author={Mockapetris, P.V. and Dunlap, K.J.}
}

@Misc{securews,
author = {S. Shin},
title = {Secure Web Services},
howpublished = {http://\-javaworld.\-com/javaworld/jw-03-2003/jw-0321-wssecurity.html},
year = {2003},
url = {http://javaworld.com/javaworld/jw-03-2003/jw-0321-wssecurity.html}
}

@Misc{wss,
author = {A. Kermaier},
title = {Securing Web Services},
howpublished = {http://\-phaos.\-com/resources/SecuringWebServices.pdf},
year = {2003},
url = {http://phaos.com/resources/Securing_Web_Services.pdf}
}


@BOOK{opengis:sensorml,
EDITOR = "Mike Botts",
TITLE = "OpenGIS Sensor Model Language (SensorML), Implementation Specification"
}

@BOOK{opengis:gml,
EDITOR = "Simon Cox and Paul Daisey and Ron Lake and Clemens Portele and Arliss Whiteside",
TITLE = "OpenGIS Geography Markup Language (GML) Implementation Specification"
}

@article{lee2000iss,
  title={{IEEE 1451: A standard in support of smart transducer networking}},
  author={Lee, K.},
  journal={Instrumentation and Measurement Technology Conference, 2000. IMTC 2000. Proceedings of the 17th IEEE},
  volume={2},
  year={2000}
}

@misc{ota:tmd,
  title={{TinyML: Meta-data for Wireless Networks}},
  author={Ota, N. and Kramer, W.T.C.},
  publisher={Technical Report, University of California, Berkeley, Computer Science Dept, 2003}
}
@article{arnaudov2005umh,
  title={{Unified Management of Heterogeneous Sensor Networks In the Atlantis Framework}},
  author={Arnaudov, V.},
  journal={Brown U},
  year={2005}
}

@article{trossen2005bup,
  title={{Building a Ubiquitous Platform for Remote Sensing Using Smartphones}},
  author={Trossen, D. and Pavel, D.},
  journal={Proceedings of the The Second Annual International Conference on Mobile and Ubiquitous Systems: Networking and Services-Volume 00},
  pages={485-489},
  year={2005},
  publisher={IEEE Computer Society Washington, DC, USA}
}

@article{delicato2003fws,
  title={{A flexible web service based architecture for wireless sensor networks}},
  author={Delicato, FC and Pires, PF and Pirmez, L. and Rust da Costa Carmo, LF},
  journal={Distributed Computing Systems Workshops, 2003. Proceedings. 23rd International Conference on},
  pages={730-735},
  year={2003}
}

@article{godik:oea,
  title={{OASIS eXtensible Access Control 2 Markup Language (XACML) 3}},
  author={Godik, S. and Parducci, B.}
}

